<record><leader>00000cas a22000007a 4500</leader><controlfield tag="001">11875157</controlfield><controlfield tag="008">850402d187718uuwiudr ne      0    0eng d</controlfield><datafield ind1=" " ind2=" " tag="010"><subfield code="a">sn 85040485 </subfield></datafield><datafield ind1=" " ind2=" " tag="040"><subfield code="a">NPV</subfield><subfield code="b">eng</subfield><subfield code="c">NPV</subfield><subfield code="d">NVF</subfield><subfield code="d">OCLCQ</subfield></datafield><datafield ind1=" " ind2=" " tag="042"><subfield code="a">msc</subfield></datafield><datafield ind1=" " ind2=" " tag="043"><subfield code="a">n-us-wi</subfield></datafield><datafield ind1=" " ind2=" " tag="045"><subfield code="a">w7w7</subfield></datafield><datafield ind1=" " ind2=" " tag="052"><subfield code="a">4123</subfield><subfield code="b">D3</subfield></datafield><datafield ind1="0" ind2=" " tag="130"><subfield code="a">Wisconsin patriot (Madison, Wis. : 1877)</subfield></datafield><datafield ind1="1" ind2="0" tag="245"><subfield code="a">Wisconsin patriot.</subfield></datafield><datafield ind1="1" ind2="3" tag="246"><subfield code="a">Evening patriot</subfield></datafield><datafield ind1=" " ind2=" " tag="260"><subfield code="a">Madison, Wis. :</subfield><subfield code="b">[S.D. Carpenter],</subfield><subfield code="c">1877.</subfield></datafield><datafield ind1=" " ind2=" " tag="300"><subfield code="a">1 no.</subfield></datafield><datafield ind1="0" ind2=" " tag="362"><subfield code="a">Vol. 2, no. 116 (Mar. 22, 1877)-</subfield></datafield><datafield ind1=" " ind2=" " tag="530"><subfield code="a">Available on microfilm from The State Historical Society of Wisconsin.</subfield></datafield><datafield ind1=" " ind2=" " tag="752"><subfield code="a">United States</subfield><subfield code="b">Wisconsin</subfield><subfield code="c">Dane</subfield><subfield code="d">Madison.</subfield></datafield><datafield ind1="0" ind2="0" tag="780"><subfield code="t">Daily Madison patriot</subfield><subfield code="w">(DLC)sn 85040484</subfield></datafield></record>